%% This BibTeX bibliography file was created using BibDesk.
%% http://bibdesk.sourceforge.net/


%% Created for Rasmus Prentow at 2011-05-13 12:53:56 +0200 


%% Saved with string encoding Unicode (UTF-8) 




@misc{activityblock,
	Howpublished = {Webpage},
	Note = {Last viewed: 03/05},
	Title = {Activities block},
	Url = {http://docs.moodle.org/22/en/Activities_block},
	Year = {2012}}

@misc{activity,
	Howpublished = {Webpage},
	Note = {Last viewed: 03/05},
	Title = {Activities},
	Url = {http://docs.moodle.org/22/en/Activities},
	Year = {2012}}

@misc{plugin,
	Howpublished = {Webpage},
	Note = {Last viewed: 02/05},
	Title = {Plugins},
	Url = {http://docs.moodle.org/dev/Plugins},
	Year = {2012}}
	
@misc{navigationblock,
	Howpublished = {Webpage},
	Note = {Last viewed: 04/05},
	Title = {Navigation block},
	Url = {http://docs.moodle.org/21/en/Navigation_block},
	Year = {2012}}


@manual{MIG,
	Title = {Selvk\o{}rende biler er p\aa{} trapperne},
	Organization = {Danmarks Radio},
	Edition = {1.00},
	Year = {2010},
	Url = {http://www.dr.dk/Nyheder/Udland/2010/10/27/101758.htm}
}

@manual{NXTBrick,
	Title = {LEGO MINDSTORMS NXT Hardware Developer Kit},
	Organization = {The LEGO Group},
	Edition = {1.00},
	Year = {2006},
	Url = {http://blog.tkjelectronics.dk/wp-content/uploads/LEGO-MINDSTORMS-NXT-Hardware-Developer-Kit.pdf}
}

@book{RTAaPL,
	Author = {Alan Burns and Andy Wellings},
	Note = {Sub title: Ada, Real-Time Java and C/Real-Time POSIX},
	Publisher = {ADDISON WESLEY},
	edition = {forth},
	Title = {Real-Time Systems and Programming Languages},
	Year = {2009}}

@misc{timestool,
	Author = { DARTS IT Dept CS Uppsala University Sweden},
	Howpublished = {WWW},
	Note = {Last viewed: 2011-11-29},
	Title = {Times},
	Url = {http://www.timestool.com/},
	Year = {2007}}

@misc{sumoeyes,
	Author = {Dr. Graeme Faulkner},
	Howpublished = {WWW},
	Note = {Last viewed: 2011-11-21},
	Title = {Free "Introducing the MindSensors NXT SUMO Eyes sensor"  tutorial},
	Url = {http://drgraeme.net/Sumo-Eyes-video-tutorial-NXT/Sumo-Eyes.htm},
	Year = {2011}}


@misc{datalogging,
	Author = {Takashi Chikamasa},
	Howpublished = {WWW},
	Note = {Last viewed: 2011-11-11},
	Title = {NXT internal data logging via Bluetooth},
	Url = {http://lejos-osek.sourceforge.net/datalogging.htm},
	Year = {2011}}

@misc{osekapiref,
        Author = {Ecrobot},
        Howpublished = {WWW},
        Note = {Last viewed: 2011-11-30},
        Title = {nxtOSEK C API Reference},
        Url = {http://lejos-osek.sourceforge.net/ecrobot_c_api_frame.htm},
        Year = {2011}}




@misc{javaref,
	Author = {Sun Microsystems, Inc},
	Date-Added = {2011-05-13 11:09:27 +0200},
	Date-Modified = {2011-05-13 11:13:19 +0200},
	Howpublished = {WWW},
	Note = {Last viewed: 2011-05-13},
	Title = {The Java Language Specification, Third Edition},
	Url = {http://java.sun.com/docs/books/jls/third_edition/html/j3TOC.html},
	Year = {2005},
	Bdsk-Url-1 = {http://www.asp.net/mvc/tutorials}}

@inbook{disconnectedData,
	Author = {AUSIF MAHMOOD},
	Chapter = {Disconnected Database Access},
	Date-Added = {2010-12-07 10:58:10 +0100},
	Date-Modified = {2010-12-07 11:02:20 +0100},
	Editor = {KIRAN KUMAR DHULIPALA},
	Note = {Last viewed: 7/12},
	Number = {3},
	Publisher = {University of Bridgeport},
	Title = {DISTRIBUTED DATA APPLICATION USING VB.NET \& ASP.NET},
	Url = {http://www1bpt.bridgeport.edu/sed/projects/cs597/Fall_2001/dkiran/chapter3.html},
	Bdsk-Url-1 = {http://www1bpt.bridgeport.edu/sed/projects/cs597/Fall_2001/dkiran/chapter3.html}}

@misc{triangle,
	Author = {David A Watt and Deryck F Brown},
	Howpublished = {Webpage},
	Note = {Last viewed: 2011-05-03},
	Title = {Triangle Tools},
	Url = {http://www.dcs.gla.ac.uk/~daw/books/PLPJ/},
	Year = {2003},
	Bdsk-Url-1 = {http://www.dcs.gla.ac.uk/~daw/books/PLPJ/}}
	
	@misc{test,
	Author = {test},
	Howpublished = {test},
	Title = {Test},}

@misc{http://openjdk.java.net/groups/compiler/,
	Author = {Forum; Various arthors},
	Date-Added = {2010-05-11 10:49:22 +0100},
	Date-Modified = {2010-05-16 10:51:31 +0100},
	Howpublished = {Webpage},
	Month = {May},
	Note = {Last viewed: 11/5},
	Title = {openjdk.java.net/},
	Url = {http://openjdk.java.net/groups/compiler/},
	Year = {2010},
	Bdsk-Url-1 = {http://openjdk.java.net/groups/compiler/}}

@misc{speedcubing.dk,
	Author = {Forum; Various arthors},
	Date-Added = {2010-02-16 13:49:22 +0100},
	Date-Modified = {2010-02-16 13:54:31 +0100},
	Howpublished = {Webpage},
	Keywords = {forum},
	Month = {February},
	Note = {Last viewed: 16/2},
	Title = {Speedcubing.dk - alt om speedcubing i danmark},
	Url = {http://speedcubing.dk/},
	Year = {2010},
	Bdsk-Url-1 = {http://speedcubing.dk/}}

@misc{speedsolving.com,
	Author = {Forum; Various arthors},
	Date-Added = {2010-02-16 13:53:10 +0100},
	Date-Modified = {2010-02-16 13:53:10 +0100},
	Howpublished = {Webpage},
	Keywords = {forum},
	Month = {February},
	Note = {Last viewed: 16/2},
	Title = {Speedsolving.com - All Puzzles. All The Time : Speedsolving the Rubik's Cube},
	Url = {http://www.speedsolving.com/},
	Year = {2010},
	Bdsk-Url-1 = {http://www.speedsolving.com/}}

@misc{SW5-start-fall11,
	Author = {Alexandre David},
	Title = {SW5 Semester Introductio},
	Url = {http://sict.moodle.aau.dk/file.php/56/SW5-start-fall11.pdf},
	Year = {2011}}

@misc{mono,
	Author = {Mono-project},
	Date-Added = {2010-12-07 09:45:26 +0100},
	Date-Modified = {2010-12-07 09:46:44 +0100},
	Note = {Last viewed: 7/12},
	Title = {Mono},
	Url = {http://www.mono-project.com/Main_Page},
	Year = {2010},
	Bdsk-Url-1 = {http://www.mono-project.com/Main_Page}}

@misc{knowledgerush,
	Author = {Aller Media A/S},
	Howpublished = {Webpage},
	Month = {April},
	Note = {Last viewed: 26/4},
	Title = {EDB Priser},
	Url = {http://www.edbpriser.dk/Search/Products.aspx?q=\&amp;qft=\&amp;s=popularity\& amp;cpath=1-2-3\&amp;qt=Fql\&amp;nf=intmatrixmax6:range(154618822656.0000000000, +max,+from\%3d\%22GE\%22,+to\%3d\%22LE\%22)\%C2\%A7specifictaxonomy:\^{}Hardware \textbar2/Bundkort\textbar3\$},
	Year = {2010},
	Bdsk-Url-1 = {http://www.edbpriser.dk/Search/Products.aspx?q=%5C&amp;qft=%5C&amp;s=popularity%5C&%20amp;cpath=1-2-3%5C&amp;qt=Fql%5C&amp;nf=intmatrixmax6:range(154618822656.0000000000,%20+max,+from%5C%3d%5C%22GE%5C%22,+to%5C%3d%5C%22LE%5C%22)%5C%C2%5C%A7specifictaxonomy:%5C%5E%7B%7DHardware%20%5Ctextbar2/Bundkort%5Ctextbar3%5C$}}

@misc{maxMotherboardRAM,
	Author = {Aller Media A/S},
	Howpublished = {Webpage},
	Month = {April},
	Note = {Last viewed: 26/4},
	Title = {EDB Priser},
	Url = {http://www.edbpriser.dk/Search/Products.aspx?q=\&amp;qft=\&amp;s=popularity\& amp;cpath=1-2-3\&amp;qt=Fql\&amp;nf=intmatrixmax6:range(154618822656.0000000000, +max,+from\%3d\%22GE\%22,+to\%3d\%22LE\%22)\%C2\%A7specifictaxonomy:\^{}Hardware \textbar2/Bundkort\textbar3\$},
	Year = {2010},
	Bdsk-Url-1 = {http://www.edbpriser.dk/Search/Products.aspx?q=%5C&amp;qft=%5C&amp;s=popularity%5C&%20amp;cpath=1-2-3%5C&amp;qt=Fql%5C&amp;nf=intmatrixmax6:range(154618822656.0000000000,%20+max,+from%5C%3d%5C%22GE%5C%22,+to%5C%3d%5C%22LE%5C%22)%5C%C2%5C%A7specifictaxonomy:%5C%5E%7B%7DHardware%20%5Ctextbar2/Bundkort%5Ctextbar3%5C$}}

@misc{maxRAM,
	Author = {Aller Media A/S},
	Howpublished = {Webpage},
	Month = {April},
	Note = {Last viewed: 26/4},
	Title = {EDB Priser},
	Url = {http://www.edbpriser.dk/Search/Products.aspx?qt=Fql\&amp;nf=intmatrixmax7:range(12884901888.0000000000,+max,+from\%3d\%22GE\%22,+to\%3d\%22LE\%22)\%C2\%A7specifictaxonomy:\^\%22Computer\|1/Station\%C3\%A6r+-+f\%C3\%A6rdigsamlet\|49\%22\$\&amp;s=popularity\&amp;cpath=1-1-49\&amp;count=10\&amp;offset=10},
	Year = {2010},
	Bdsk-Url-1 = {http://www.edbpriser.dk/Search/Products.aspx?qt=Fql%5C&amp;nf=intmatrixmax7:range(12884901888.0000000000,+max,+from%5C%3d%5C%22GE%5C%22,+to%5C%3d%5C%22LE%5C%22)%5C%C2%5C%A7specifictaxonomy:%5C%5E%5C%22Computer%5C%7C1/Station%5C%C3%5C%A6r+-+f%5C%C3%5C%A6rdigsamlet%5C%7C49%5C%22%5C$%5C&amp;s=popularity%5C&amp;cpath=1-1-49%5C&amp;count=10%5C&amp;offset=10}}

@misc{maxRAM2,
	Author = {Aller Media A/S},
	Howpublished = {Webpage},
	Month = {April},
	Note = {Last viewed: 26/4},
	Title = {EDB Priser},
	Url = {http://www.edbpriser.dk},
	Year = {2010},
	Bdsk-Url-1 = {http://www.edbpriser.dk}}

@misc{aiden06,
	Author = {Hardeep Aiden},
	Date-Modified = {2010-02-16 13:32:49 +0100},
	Howpublished = {Webpage},
	Keywords = {context},
	Month = {March},
	Note = {Last viewed: 16/2},
	Title = {Anything but square: from magic squares to Sudoku},
	Url = {http://plus.maths.org/issue38/features/aiden/},
	Year = {2006},
	Bdsk-Url-1 = {http://plus.maths.org/issue38/features/aiden/}}

@misc{ama,
	Author = {American Medical Association},
	Howpublished = {Webpage},
	Note = {Last viewed: 15/12},
	Title = {Patient Confidentiality},
	Url = {http://www.ama-assn.org/ama/pub/physician-resources/legal-topics/patient-physician-relationship-topics/patient-confidentiality.shtml},
	Year = {2010},
	Bdsk-Url-1 = {http://www.ama-assn.org/ama/pub/physician-resources/legal-topics/patient-physician-relationship-topics/patient-confidentiality.shtml}}

@misc{waterfall,
	Author = {Mike Bianchi},
	Howpublished = {Webpage},
	Note = {Last viewed: 10/12-10},
	Title = {Waterfall v Iterative Development},
	Url = {http://www.itstartpage.com/article.phtml?id=56},
	Year = {2006},
	Bdsk-Url-1 = {http://www.itstartpage.com/article.phtml?id=56}}

@misc{mathDef2,
	Author = {Encyclop\ae{}dia Britannica},
	Howpublished = {Webpage},
	Note = {Last viewed: 5/4},
	Title = {Encyclop\ae{}dia Britannica Online},
	Url = {http://www.britannica.com/EBchecked/topic/369194/mathematics},
	Year = {2010},
	Bdsk-Url-1 = {http://www.britannica.com/EBchecked/topic/369194/mathematics}}

@misc{wca,
	Author = {Ron van Bruchem and Tyson Mao and Masayuki Akimoto},
	Date-Added = {2010-02-16 13:36:19 +0100},
	Date-Modified = {2010-02-16 13:36:19 +0100},
	Howpublished = {Webpage},
	Keywords = {wca},
	Month = {February},
	Note = {Last viewed: 16/2},
	Title = {World Cube Association},
	Url = {http://www.worldcubeassociation.org/},
	Year = {2010},
	Bdsk-Url-1 = {http://www.worldcubeassociation.org/}}

@misc{wca/competitions,
	Author = {Ron van Bruchem and Tyson Mao and Masayuki Akimoto},
	Date-Added = {2010-02-16 13:29:11 +0100},
	Date-Modified = {2010-02-16 13:37:11 +0100},
	Howpublished = {Webpage},
	Keywords = {wca},
	Month = {February},
	Note = {Last viewed: 16/2},
	Title = {World Cube Association - Official Results},
	Url = {http://www.worldcubeassociation.org/competitions},
	Year = {2010},
	Bdsk-Url-1 = {http://www.worldcubeassociation.org/competitions}}

@misc{xp,
	Author = {By Pradyumn Sharma, CEO, Pragati Software},
	Howpublished = {Webpage},
	Note = {Last viewed: 10/12-10},
	Title = {An Introduction to Extreme Programming},
	Url = {http://my.advisor.com/doc/13571},
	Year = {2004},
	Bdsk-Url-1 = {http://my.advisor.com/doc/13571}}

@misc{beginner,
	Author = {Alan Chang},
	Date-Modified = {9},
	Howpublished = {Webpage},
	Keywords = {Theory},
	Month = {February},
	Note = {Last viewed: 18/3},
	Title = {Learn2cube},
	Url = {http://www.learn2cube.com},
	Year = {2009},
	Bdsk-Url-1 = {http://www.learn2cube.com}}

@article{groupt,
	Author = {Janet Chen},
	Bdsk-Url-1 = {www.math.harvard.edu/~jjchen/docs/Group Theory and the Rubik's Cube.pdf},
	Bdsk-Url-2 = {www.math.harvard.edu/~jjchen/docs/Group{\%}20Theory{\%}20and{\%}20the{\%}20Rubik's{\%}20Cube.pdf},
	Bdsk-Url-3 = {www.math.harvard.edu/~jjchen/docs/Group{\%}20Theory{\%}20and{\%}20the{\%}20Rubik's{\%}20Cube.pdf},
	Date-Modified = {2010-04-13 13:46:30 +0100},
	Pages = {39},
	Title = {Group Theory and the Rubiks cube},
	Url = {www.math.harvard.edu/~jjchen/docs/Group Theory and the Rubik's Cube.pdf},
	Year = {1978},
	Bdsk-Url-4 = {www.math.harvard.edu/~jjchen/docs/Group%20Theory%20and%20the%20Rubik's%20Cube.pdf}}

@misc{xp2,
	Author = {Chromatic},
	Howpublished = {Webpage},
	Month = {April},
	Note = {Last viewed: 10/12-10},
	Title = {An Introduction to Extreme Programming},
	Url = {http://linuxdevcenter.com/pub/a/linux/2001/05/04/xp_intro.html},
	Year = {2001},
	Bdsk-Url-1 = {http://linuxdevcenter.com/pub/a/linux/2001/05/04/xp_intro.html}}

@misc{scrum2,
	Author = {Collabnet},
	Howpublished = {Webpage},
	Note = {Last viewed: 10/12-10},
	Title = {Scrum Methodology},
	Url = {http://scrummethodology.com/},
	Bdsk-Url-1 = {http://scrummethodology.com/}}

@misc{ankhsvn,
	Author = {Collabnet},
	Date-Added = {2010-12-06 14:20:48 +0100},
	Date-Modified = {2010-12-06 14:26:42 +0100},
	Howpublished = {Webpage},
	Note = {Last viewed: 6/12},
	Title = {AnkhSVN},
	Url = {http://ankhsvn.open.collab.net/},
	Year = {2010},
	Bdsk-Url-1 = {http://ankhsvn.open.collab.net/}}

@misc{projectProposal,
	Author = {Department of Computer Science at Aalborg University},
	Howpublished = {Webpage},
	Note = {Last viewed: 16/12},
	Title = {Helpdesk Software Tool (SW3)},
	Url = {https://intranet.cs.aau.dk/fileadmin/user_upload/Education/E10/Helpdesk_Software_Tool_SW3_E10_.pdf},
	Year = {2010},
	Bdsk-Url-1 = {https://intranet.cs.aau.dk/fileadmin/user_upload/Education/E10/Helpdesk_Software_Tool_SW3_E10_.pdf}}

@misc{cornett10,
	Author = {Steve Cornett},
	Howpublished = {Webpage},
	Note = {Last viewed: 13/12},
	Title = {Code Coverage Analysis},
	Url = {http://www.bullseye.com/coverage.html},
	Year = {2010},
	Bdsk-Url-1 = {http://www.bullseye.com/coverage.html}}

@misc{ado10,
	Author = {Microsoft Corporation},
	Howpublished = {Webpage},
	Note = {Last viewed: 19/11},
	Title = {Overview of ADO.NET},
	Url = {http://msdn.microsoft.com/en-us/library/h43ks021(VS.71).aspx},
	Year = {2010},
	Bdsk-Url-1 = {http://msdn.microsoft.com/en-us/library/h43ks021(VS.71).aspx}}

@misc{adonetDesignGoal,
	Author = {Microsoft Corporation},
	Date-Added = {2010-12-06 14:50:56 +0100},
	Date-Modified = {2010-12-06 14:51:41 +0100},
	Howpublished = {Webpage},
	Note = {Last viewed: 6/12},
	Title = {Design Goals for ADO.NET},
	Url = {http://msdn.microsoft.com/en-us/library/7b13c12s(v=VS.71).aspx},
	Year = {2010},
	Bdsk-Url-1 = {http://www.microsoft.com/visualstudio/en-us/products/2010-editions/ultimate}}

@misc{adonetEntityDataModelDesigner,
	Author = {Microsoft Corporation},
	Date-Added = {2010-12-06 14:55:31 +0100},
	Date-Modified = {2010-12-06 14:58:39 +0100},
	Howpublished = {Webpage},
	Note = {Last viewed: 6/12},
	Title = {ADO.NET Entity Data Model Designer},
	Url = {http://msdn.microsoft.com/en-us/library/cc716685.aspx},
	Year = {2010},
	Bdsk-Url-1 = {http://www.microsoft.com/visualstudio/en-us/products/2010-editions/ultimate}}

@misc{adonetEntityFramework,
	Author = {Microsoft Corporation},
	Date-Added = {2010-12-06 14:53:39 +0100},
	Date-Modified = {2010-12-06 14:55:17 +0100},
	Howpublished = {Webpage},
	Note = {Last viewed: 6/12},
	Title = {The ADO.NET Entity Framework Overview},
	Url = {http://msdn.microsoft.com/en-us/library/aa697427(VS.80).aspx},
	Year = {2010},
	Bdsk-Url-1 = {http://www.microsoft.com/visualstudio/en-us/products/2010-editions/ultimate}}

@misc{visualStudio,
	Author = {Microsoft Corporation},
	Date-Added = {2010-12-06 14:13:13 +0100},
	Date-Modified = {2010-12-06 14:20:15 +0100},
	Howpublished = {Webpage},
	Note = {Last viewed: 6/12},
	Title = {Visual Studio Ultimate},
	Url = {http://www.microsoft.com/visualstudio/en-us/products/2010-editions/ultimate},
	Year = {2010},
	Bdsk-Url-1 = {http://www.microsoft.com/visualstudio/en-us/products/2010-editions/ultimate}}

@misc{teamfoundation,
	Author = {Microsoft Corporation},
	Date-Added = {2010-12-06 14:37:17 +0100},
	Date-Modified = {2010-12-06 14:43:47 +0100},
	Howpublished = {Webpage},
	Note = {Last viewed: 6/12},
	Title = {Team Foundation},
	Url = {http://msdn.microsoft.com/en-us/library/ms181232(VS.80).aspx},
	Year = {2005},
	Bdsk-Url-1 = {http://msdn.microsoft.com/en-us/library/ms181232(VS.80).aspx}}

@misc{averageRAM,
	Author = {Ashlyn Crowsey},
	Bdsk-Url-1 = {http://www.answerbag.com/q{\%}5C_view/1792480},
	Bdsk-Url-2 = {http://www.answerbag.com/q{\%}5C_view/1792480},
	Howpublished = {Webpage},
	Month = {October},
	Note = {Last viewed: 26/4},
	Title = {How much memory does an average computer have?},
	Url = {http://www.answerbag.com/q\_view/1792480},
	Year = {2009},
	Bdsk-Url-3 = {http://www.answerbag.com/q%5C_view/1792480}}

@misc{agileManifesto,
	Author = {Ward Cunningham},
	Howpublished = {Webpage},
	Note = {Last viewed: 14/12},
	Title = {Manifesto for Agile Software Development},
	Url = {http://agilemanifesto.org/},
	Year = {2001},
	Bdsk-Url-1 = {http://agilemanifesto.org/}}

@misc{TUD,
	Author = {Technische Universit\"{a}t Darmstadt},
	Howpublished = {Webpage},
	Month = {April},
	Note = {Last viewed: 13/4},
	Title = {Technische Universit\"{a}t Darmstadt},
	Url = {http://www.tu-darmstadt.de/},
	Year = {2010},
	Bdsk-Url-1 = {http://www.tu-darmstadt.de/}}

@misc{mathDef,
	Author = {Oxford English Dictionary},
	Bdsk-Url-1 = {http://dictionary.oed.com/cgi/entry/00303352?query{\%}5C_type=word{\%}5C{\&}queryword=mathematics{\%}5C{\&}first=1{\%}5C{\&}max_to_show=10{\%}5C{\&}sort{\%}5C_type=alpha{\%}5C{\&}result{\%}5C_place=1{\%}5C{\&}search{\%}5C_id=5rjq-9Fx2ug-2173{\%}5C{\&}hilite=00303352},
	Bdsk-Url-2 = {http://dictionary.oed.com/cgi/entry/00303352?query{\%}5C_type=word{\%}5C{\&}queryword=mathematics{\%}5C{\&}first=1{\%}5C{\&}max_to_show=10{\%}5C{\&}sort{\%}5C_type=alpha{\%}5C{\&}result{\%}5C_place=1{\%}5C{\&}search{\%}5C_id=5rjq-9Fx2ug-2173{\%}5C{\&}hilite=00303352},
	Howpublished = {Webpage},
	Month = {September},
	Note = {Last viewed: 31/3},
	Url = {http://dictionary.oed.com/cgi/entry/00303352?query\_type=word\&queryword=mathematics\&first=1\&max_to_show=10\&sort\_type=alpha\&result\_place=1\&search\_id=5rjq-9Fx2ug-2173\&hilite=00303352},
	Year = {2009},
	Bdsk-Url-3 = {http://dictionary.oed.com/cgi/entry/00303352?query%5C_type=word%5C&queryword=mathematics%5C&first=1%5C&max_to_show=10%5C&sort%5C_type=alpha%5C&result%5C_place=1%5C&search%5C_id=5rjq-9Fx2ug-2173%5C&hilite=00303352}}

@misc{javanotes,
	Author = {David J. Eck},
	Howpublished = {Webpage},
	Keywords = {Java},
	Month = {December},
	Note = {Last viewed: 20/5},
	Title = {Javanotes 5.1.1},
	Url = {http://math.hws.edu/javanotes/},
	Year = {2009},
	Bdsk-Url-1 = {http://math.hws.edu/javanotes/}}

@misc{firefox,
	Author = {Firefox},
	Howpublished = {Website},
	Month = {12},
	Owner = {Kim},
	Timestamp = {2010.12.10},
	Title = {Install or update Firefox: different platforms.},
	Url = {http://mozilladanmark.dk/produkter/firefox/},
	Year = {2010},
	Bdsk-Url-1 = {http://mozilladanmark.dk/produkter/firefox/}}

@book{Gardner61,
	Author = {Martin Gardner},
	Date-Modified = {2010-02-16 13:37:50 +0100},
	Keywords = {context},
	Note = {Original title: The 2nd Scientific American Book of Mathematical Puzzles and Diversions},
	Publisher = {Simon and Schuster, Inc.},
	Title = {Mere Morsom Matematik},
	Year = {1961}}

@book{Huttel10,
	Author = {Hans H\"{u}ttel},
	Note = {ISDN: 978-0-521-14709-5},
	Publisher = {Cambridge University Press},
	Title = {Transitions and Trees},
	Year = {2010}}

@misc{chrome10,
	Author = {Google},
	Howpublished = {Webpage},
	Keywords = {chrome},
	Note = {Last viewed: 17/10},
	Title = {Install or update Google Chrome: System requirements},
	Url = {http://www.google.com/support/chrome/bin/answer.py?answer=95411},
	Year = {2010},
	Bdsk-Url-1 = {http://www.google.com/support/chrome/bin/answer.py?answer=95411}}

@misc{Heinz10,
	Author = {Harvey Heinz},
	Howpublished = {Webpage},
	Month = {February},
	Note = {Last viewed: 17/2},
	Title = {Magic Cube Definitions},
	Url = {http://members.shaw.ca/hdhcubes/cube_define.htm},
	Year = {2010},
	Bdsk-Url-1 = {http://members.shaw.ca/hdhcubes/cube_define.htm}}

@misc{Heinz09,
	Author = {Harvey Heinz},
	Bdsk-Url-1 = {http://members.shaw.ca/hdhcubes/cube\{\%}5C_basics.htm},
	Bdsk-Url-2 = {http://members.shaw.ca/hdhcubes/cube{\%}5C_basics.htm},
	Bdsk-Url-3 = {http://members.shaw.ca/hdhcubes/cube{\%}5C_basics.htm},
	Howpublished = {Webpage},
	Month = {October},
	Note = {Last viewed: 17/2},
	Title = {Magic Cubes - The Basics},
	Url = {http://members.shaw.ca/hdhcubes/cube\_basics.htm},
	Year = {2009},
	Bdsk-Url-4 = {http://members.shaw.ca/hdhcubes/cube%5C_basics.htm}}

@misc{postgres08,
	Author = {Leo Hsu and Regina Obe},
	Howpublished = {Webpage},
	Month = {May},
	Note = {Last viewed: 19/11},
	Title = {CROSS COMPARE OF SQL SERVER, MYSQL, AND POSTGRESQL},
	Url = {http://www.postgresonline.com/journal/index.php?/archives/51-Cross-Compare-of-SQL-Server,-MySQL,-and-PostgreSQL.html},
	Year = {2008},
	Bdsk-Url-1 = {http://www.postgresonline.com/journal/index.php?/archives/51-Cross-Compare-of-SQL-Server,-MySQL,-and-PostgreSQL.html}}

@book{Groups51,
	Author = {Humphreys, J. F. and Prest, Mike},
	Date-Modified = {2010-04-20 11:23:50 +0100},
	Keywords = {Group Theory},
	Publisher = {Palo Alto, Calif},
	Title = {Numbers, groups, and codes},
	Year = {2006}}

@misc{agilepyra,
	Author = {John and Mayo-Smith},
	Howpublished = {Web},
	Month = {oktober},
	Owner = {Kim},
	Timestamp = {2010.12.16},
	Title = {Two Ways To Build A Pyramid},
	Url = {http://www.informationweek.com/news/development/tools/showArticle.jhtml?articleID=6507351},
	Year = {2001},
	Bdsk-Url-1 = {http://www.informationweek.com/news/development/tools/showArticle.jhtml?articleID=6507351}}

@book{Joyner02,
	Author = {David Joyner},
	Date-Modified = {2010-11-10 09:33:18 +0100},
	Keywords = {Group Theory},
	isbn = {0-8018-6945-5},
	Publisher = {The Johns Hopkins University Press},
	Title = {Adventures in group theory: Rubik's Cube, Merlin's machine, and other mathematical toys},
	Year = {2002}}

@misc{knowledgerush2,
	Author = {Knowledgerush},
	Bdsk-Url-1 = {http://www.knowledgerush.com/kr/encyclopedia/Optimal_solutions_for_Rubik{\%}5C's_Cube/},
	Bdsk-Url-2 = {http://www.knowledgerush.com/kr/encyclopedia/Optimal_solutions_for_Rubik{\%}5C's_Cube/},
	Howpublished = {Webpage},
	Note = {Last viewed: 17/5},
	Title = {Optimal solutions for Rubik's Cube},
	Url = {http://www.knowledgerush.com/kr/encyclopedia/Optimal_solutions_for_Rubik\%27s_Cube/},
	Year = {2009},
	Bdsk-Url-3 = {http://www.knowledgerush.com/kr/encyclopedia/Optimal_solutions_for_Rubik%5C%27s_Cube/}}

@misc{kociemba09,
	Author = {Herbert Kociemba},
	Howpublished = {Webpage},
	Title = {Cube Explorer 4.64},
	Url = {http://kociemba.org/cube.htm},
	Year = {2009},
	Bdsk-Url-1 = {http://kociemba.org/cube.htm}}

@manual{cubeExplorer,
	Author = {Herbert Kociemba},
	Title = {Cube Explorer 3},
	Year = {2005}}

@book{Larsen81,
	Author = {Mogens Esrom Larsen},
	Publisher = {Nyt Nordisk Forlag Arnold Busck},
	Title = {Rubiks terning},
	Year = {1981}}

@misc{jasminLee08,
	Author = {Jasmin Lee},
	Date-Added = {2010-02-16 13:46:04 +0100},
	Date-Modified = {2010-02-16 13:49:15 +0100},
	Day = {17},
	Howpublished = {PDF and WWW},
	Keywords = {guides},
	Month = {July},
	Note = {Last viewed: 16/2},
	Title = {Beginner Solution to the Rubik's Cube},
	Url = {http://peter.stillhq.com/jasmine/rubikscubesolution.html},
	Year = {2008},
	Bdsk-Url-1 = {http://peter.stillhq.com/jasmine/rubikscubesolution.html}}

@misc{speedsolving.forum,
	Author = {Jelsoft Enterprises Ltd},
	Howpublished = {Webpage},
	Note = {Last viewed: 18/3},
	Title = {Speedsolving the Rubik's Cube \& Other Puzzles},
	Url = {http://www.speedsolving.com/forum/index.php},
	Year = {2010},
	Bdsk-Url-1 = {http://www.speedsolving.com/forum/index.php}}

@misc{speedsolving.wiki,
	Author = {Jelsoft Enterprises Ltd},
	Howpublished = {Webpage},
	Month = {January},
	Note = {Last viewed: 23/3},
	Title = {Superflip - Speedsolving.com Wiki},
	Url = {http://www.speedsolving.com/wiki/index.php/Superflip},
	Year = {2010},
	Bdsk-Url-1 = {http://www.speedsolving.com/wiki/index.php/Superflip}}

@misc{cubeFreak,
	Author = {Shotaro Makisumi},
	Date-Added = {2010-05-11 09:43:22 +0200},
	Date-Modified = {2010-05-11 09:44:55 +0200},
	Howpublished = {Webpage},
	Note = {Last viewed: 11/5},
	Title = {An Overview of the Fridrich Method},
	Url = {http://www.cubefreak.net/Fridrich/main.html},
	Year = {2009}}

@book{roedeaalborg,
	Author = {Lars Mathiassen and Andreas Munk-Madsen and Peter Axel Nielsen and Jan Stage},
	Date-Modified = {2010-10-27 13:05:05 +0200},
	Edition = {1},
	isbn = {87-7751-150-6},
	Publisher = {The Johns Hopkins University Press},
	Title = {Object Oriented Analysis \& Design},
	Year = {2000}}

@misc{teamtest,
	Author = {Mark Michaelis},
	Howpublished = {Webpage},
	Month = {March},
	Title = {A Unit Testing Walkthrough with Visual Studio Team Test},
	Url = {http://msdn.microsoft.com/en-us/library/ms379625(VS.80).aspx},
	Year = {2005}}

@misc{larsPetrus97,
	Author = {Lars Petrus},
	Date-Added = {2010-05-11 09:46:27 +0200},
	Date-Modified = {2010-05-11 09:47:55 +0200},
	Howpublished = {Webpage},
	Month = {February},
	Note = {Last viewed: 11/5},
	Title = {Solving Rubik's Cube for speed.},
	Url = {http://lar5.com/cube/},
	Year = {2010}}

@misc{rasmusprentow,
	Author = {Rasmus Prentow},
	Date-Added = {2010-12-16 11:00:41 +0100},
	Date-Modified = {2010-12-16 11:03:49 +0100},
	Howpublished = {WWW},
	Month = {12},
	Note = {Last viewed: 16/12},
	Title = {Using new technology},
	Url = {http://rasmusprentow.dk/},
	Year = {2010}}

@misc{whiteBox,
	Author = {Roger S. Pressman},
	Howpublished = {Webpage},
	Note = {Last viewed: 10/12},
	Title = {White box test},
	Url = {http://www.cs.aau.dk/~normark/prog1-01/html/noter/test-dokumentation-slide-whiteteknik-section.html},
	Year = {1992}}

@misc{mvcxeroxparc,
	Author = {Trygve M. H. Reenskaug},
	Howpublished = {Webpage},
	Note = {Last viewed: December 2010},
	Title = {MVC XEROX PARC 1978-79},
	Url = {http://heim.ifi.uio.no/~trygver/themes/mvc/mvc-index.html}}

@misc{programmingLanguages,
	Author = {John S. Riley},
	Howpublished = {Webpage},
	Keywords = {Java C++ Interpreted Compiled},
	Note = {Last viewed: 20/5},
	Title = {Interpreted vs. Compiled Languages},
	Url = {http://www.dsbscience.com/freepubs/start_programming/node6.html},
	Year = {2005}}

@article{rokicki09,
	Author = {Tomas Rocicki},
	Journal = {Mathematical Entertainments},
	Month = {November},
	Title = {Twenty-Two Moves Suffice for Rubik's Cube},
	Year = {2009}}

@misc{rokicki,
	Author = {Tom Rokicki},
	Date-Modified = {UNKNOWN DATE},
	Howpublished = {Webpage},
	Keywords = {Theory},
	Month = {UNKNOWN MONTH},
	Note = {Last viewed: 24/2},
	Title = {Tom Rokicki's Personal Web Server},
	Url = {http://tomas.rokicki.com/},
	Year = {UNKNOWN YEAR}}

@misc{rokickipdf,
	Author = {Tomas Rokicki},
	Howpublished = {Webpage},
	Keywords = {Rubik's compute},
	Note = {Last viewed: 18/5},
	Title = {Computers and the Cube},
	Url = {cube.stanford.edu/class/files/rokicki_cubecomp.pdf},
	Year = {2009}}

@book{Rosen07,
	Author = {Kenneth H. Rosen},
	Edition = {Sixth},
	isbn = {978-007-124474-9},
	Publisher = {McGraw-Hill},
	Title = {Discrete Mathematics And Its Applications},
	Year = {2007}}

@book{Rubik87,
	Author = {Ern\"{o} Rubik and Tam\'{a}s Varga and Cerzson K\'{e}ri and Gy\"{o}rgy Marx and Tam\'{a}s Vekerdy},
	isbn = {0-19-853202-4},
	Publisher = {Oxford University Press},
	Title = {Rubik's Cubic Compendium},
	Year = {1987}}

@misc{jaapsch,
	Author = {Jaap Scherphuis},
	Date-Modified = {2010-02-16 13:32:59 +0100},
	Howpublished = {Webpage},
	Keywords = {context},
	Note = {Last viewed: 16/2},
	Title = {Jaap's Puzzle Page},
	Url = {http://www.jaapsch.net/puzzles/},
	Year = {2010}}

@misc{jaapthistle,
	Author = {Jaap Scherphuis},
	Howpublished = {Webpage},
	Keywords = {Thistlethwaite},
	Note = {Last viewed: 6/5},
	Title = {Jaap's Puzzle Page},
	Url = {http://www.jaapsch.net/puzzles/thistle.htm},
	Year = {2010}}

@book{Sudershan2011,
	Author = {Silberschatz, Abraham and Korth, Henry F. and Sudershan, S},
	Date-Added = {2010-11-10 09:19:22 +0100},
	Date-Modified = {2010-11-10 09:31:57 +0100},
	Edition = {Internation Edition 2011},
	isbn = {978-007-128959-7},
	Publisher = {McGraw-Hill},
	Title = {Database System Concepts},
	Year = {2011}}

@book{sebesta10,
	Author = {Robert W. Sebesta},
	Edition = {International Ninth},
	isbn = {978-0-13-246558-8},
	Publisher = {PEARSON},
	Title = {Concepts of Programming Languages},
	Year = {2010}}

@misc{Singmaster98,
	Author = {David Singmaster},
	Date = {22},
	Date-Modified = {2010-02-16 13:37:41 +0100},
	Howpublished = {Webpage},
	Keywords = {context},
	Month = {December},
	Note = {Last viewed: 15/2},
	Title = {THE UNREASONABLE UTILITY OF RECREATIONAL MATHEMATICS},
	Url = {http://www.eldar.org/~problemi/singmast/ecmutil.html},
	Year = {1998}}

@misc{scrum,
	Author = {Mountain Goat Software},
	Howpublished = {Webpage},
	Note = {Last viewed: 10/12-10},
	Title = {Introduction to Scrum - An Agile Process},
	Url = {http://www.mountaingoatsoftware.com/topics/scrum},
	Year = {2010}}

@misc{boolean2,
	Author = {Juan Soulie},
	Howpublished = {Webpage},
	Month = {October},
	Note = {Last viewed: 19/4},
	Title = {Boolean Operations},
	Url = {http://www.cplusplus.com/doc/boolean/},
	Year = {2009}}

@misc{boolean,
	Author = {Kirk Stewart and Steven Dolan and Scott Noyes},
	Howpublished = {Webpage},
	Note = {Last viewed: 19/4},
	Title = {Think Quest},
	Url = {http://library.thinkquest.org/19488/boolean.html},
	Year = {2008}}


@misc{williams06,
	Author = {Laurie Williams},
	Howpublished = {Webpage},
	Note = {Last viewed: 13/12},
	Title = {Testing Overview and Black-Box Testing Techniques},
	Url = {http://agile.csc.ncsu.edu/SEMaterials/BlackBox.pdf},
	Year = {2006}}

@misc{cubelovers92,
	Author = {Dik t. Winter},
	Date-Added = {2010-03-16 15:41:00 +0100},
	Date-Modified = {2010-03-16 15:43:39 +0100},
	Howpublished = {Emails},
	Keywords = {Theory},
	Month = {December},
	Note = {Last viewed: 15/4},
	Title = {Kociembas Algorithm},
	Url = {http://www.math.ucf.edu/~reid/Rubik/Cubelovers/cube-mail-8},
	Year = {1992}}

@misc{aspdotnet,
	Author = {Microsoft Coorporation},
	Howpublished = {WWW},
	Note = {Last viewed: 10/12},
	Title = {ASP.NET MVC Tutorials},
	Url = {http://www.asp.net/mvc/tutorials},
	Year = {2010}}

@misc{tiobeIndex,
	Author = {TIOBE Software BV},
	Howpublished = {Webpage},
	Month = {April},
	Note = {Last viewed: 2011-04-14},
	Title = {TIOBE Programming Community Index for April 2011},
	Url = {http://www.tiobe.com/index.php/content/paperinfo/tpci/index.html},
	Year = {2011}}

@book{MAS,
	Author = {Jos\'{e} M Vidal},
	Note = {Last viewed: 2011-04-14},
	Title = {Fundamentals of Multiagent Systems},
	Url = {http://jmvidal.cse.sc.edu/papers/mas.pdf},
	Year = {2010}}

@misc{cims,
	Author = {Jos\'{e} M Vidal},
	Note = {Last viewed: 2011-04-14},
	Title = {Congregation in Market Systems},
	Url = {http://jmvidal.cse.sc.edu/netlogomas/congregating.html}}

@misc{pfup,
	Author = {Jos\'{e} M Vidal},
	Note = {Last viewed: 2011-04-14},
	Title = {Path-Finding Using Pheromones},
	Url = {http://jmvidal.cse.sc.edu/netlogomas/path-finding.html}}

@misc{studyReg,
	Author = {Aalborg University},
	Month = {September},
	Note = {Last viewed: 2011-04-15},
	Title = {Studieordning for Bacheloruddannelsen i Software},
	Url = {http://www.sict.aau.dk/digitalAssets/3/3331_softwbach_sept2009.pdf},
	Year = {2009}}

@book{wattBrown00,
	Author = {David A Watt and Deryck F Brown},
	isbn = {978-0-13-025786-4},
	Publisher = {Pearson Educational Limited},
	Title = {Programming Language Processors in Java},
	Year = {2000}}

@misc{ibmdeepblue,
	Author = {IBM},
	Howpublished = {Webpage},
	Note = {Last viewed: 2011-04-26},
	Title = {IBM Research | Deep Blue | Overview},
	Url = {http://www.research.ibm.com/deepblue/}}
	
	% Awesome long name, isnt it?
@misc{javaplatformstandardeditionsixoverview, 
	Author = {Oracle},
	Howpublished = {Webpage},
	Note = {Last viewed: 2011-05-20},
	Title = {Java\texttrademark{} Platform, Standard Edition 6 Overview},
	Url = {http://download.oracle.com/javase/6/docs/technotes/guides/index.html}}

@misc{constinc, 
	Author = {TIGCC Team},
	Howpublished = {Webpage},
	Note = {Last viewed: 2011-05-24},
	Title = {C Language Keywords},
	Url = {http://tigcc.ticalc.org/doc/keywords.html#constl}}

@misc{cfamily, 
	Author = {Herb Sutter},
	Howpublished = {Webpage},
	Note = {Last viewed: 2011-05-25},
	Title = {The C Family of Languages: Interview with Dennis Ritchie, Bjarne Stroustrup, and James Gosling},
	Year = {2009},
	Url = {http://www.gotw.ca/publications/c_family_interview.htm}}
	
@misc{javaPrecedence,
	Author = {Oracle},
	Howpublished = {Webpage},
	Note = {Last viewed: 2011-04-15},
	Title = {Java Operators Precedence},
	Url = {http://kociemba.org/cube.htm},}

@misc{javaInheritance,
	Author = {Oracle},
	Howpublished = {Webpage},
	Note = {Last viewed: 2011-05-03},
	Title = {Java Inheritance},
	Url = {http://download.oracle.com/javase/tutorial/java/IandI/subclasses.html}}

@misc{cfamily2, 
	Author = {\'{E}ric L\'{e}v\'{e}nez},
	Howpublished = {Webpage},
	Note = {Last viewed: 2011-05-25},
	Title = {Computer Languages History},
	Url = {http://www.levenez.com/lang/}}

@misc{javakeywords, 
	Author = {Neil Coffey},
	Howpublished = {Webpage},
	Note = {Last viewed: 2011-05-25},
	Title = {The volatile keyword in Java},
	Url = {http://www.javamex.com/tutorials/synchronization_volatile.shtml}}
	
@misc{stoppingDist, 
	Author = {CSG},
	Howpublished = {Webpage},
	Note = {Last viewed: 2011-10-19},
	Title = {Vehicle Stopping Distance And Time},
	Url = {http://www.csgnetwork.com/stopdistinfo.html}
}

@misc{stoppingDistFormula, 
	Author = {CSG},
	Howpublished = {Webpage},
	year = {2011},
	month = {5},
	date = {21},
	Note = {Last viewed: 2011-10-20},
	Title = {Vehicle Stopping Distance And Time},
	Url = {http://www.csgnetwork.com/stopdistcalc.html}
}

@misc{stoppingDistCalc, 
	Author = {FDi},
	Howpublished = {Webpage},
	Note = {Last viewed: 2011-10-19},
	Title = {Stopping (Braking) Distance Calculator},
	Url = {http://forensicdynamics.com/stopping-distance-calculator}
}


@misc{maxReactionTime, 
	Author = {Geometric Design},
	Howpublished = {Webpage},
	Note = {Last viewed: 2011-10-19},
	Title = {Brake Reaction Time},
	Url = {http://www.webs1.uidaho.edu/niatt_labmanual/Chapters/geometricdesign/theoryandconcepts/BrakeReactionTime.htm}
}

@misc{minReactionTime, 
	Author = {Marc Green, Phd},
	year = {2009},
	Howpublished = {Webpage},
	Note = {Last viewed: 2011-10-19},
	Title = {Driver Reaction Time},
	Url = {http://www.visualexpert.com/Resources/reactiontime.html}
}

@misc{carLength, 
	Author = {Chris Woodyard},
	Howpublished = {Webpage},
	year = {2007},
	month = {7},
	date = {16},
	Note = {Last viewed: 2011-10-20},
	Title = {Vehicles keep inching up and putting on pounds},
	Url = {http://www.usatoday.com/money/autos/2007-07-15-little-big-cars_N.htm}
}

@misc{lejosNxj, 
	Author = {Brian Bagnall and Lawrie Griffiths and Andy Shaw},
	Howpublished = {Webpage},
	year = {2009},
	Note = {Last viewed: 2011-11-24},
	Title = {NXJ Technology},
	Url = {http://lejos.sourceforge.net/nxj.php}
}

@misc{nxtOsek, 
	Author = {Takashi Chikamasa},
	Howpublished = {Webpage},
	year = {2009},
	Note = {Last viewed: 2011-11-24},
	Title = {What is nxtOSEK?},
	Url = {http://lejos-osek.sourceforge.net/whatislejososek.htm}
}

@misc{nxtOsekScheduler, 
	Author = {Takashi Chikamasa},
	Howpublished = {Webpage},
	year = {2009},
	Note = {Last viewed: 2011-11-24},
	Title = {Rate Monotonic Scheduling},
	Url = {http://lejos-osek.sourceforge.net/rms.htm}
}

@misc{situationalAwareness, 
	Author = {Rachel Pattenden and Perezgonzalez},
	Howpublished = {Webpage},
	year = {2011},
	Note = {Last viewed: 2011-12-06},
	Title = {Situational Awareness},
	Url = {http://aviationknowledge.wikidot.com/aviation:situational-awareness}
}

@misc{activeCruiseControl, 
	Author = {BMW},
	Howpublished = {Webpage},
	year = {2011},
	Note = {Last viewed: 2011-12-06},
	Title = {Active Cruise Control},
	Url = {http://www.bmw.com/com/en//insights/technology/technology_guide/articles/active_cruise_control.html}
}

@misc{darpaGrandChallange, 
	Author = {Steve Russell},
	Howpublished = {Webpage},
	year = {2006},
	Note = {Last viewed: 2011-12-06},
	Title = {DARPA Grand Challenge Winner: Stanley the Robot!},
	Url = {http://www.popularmechanics.com/technology/engineering/robots/2169012}
}

@misc{legoservermotor, 
	Author = {The LEGO Group},
	Howpublished = {Webpage},
	year = {2006},
	Note = {Last viewed: 2011-12-08},
	Title = {9842-1: Interactive Servo Motor},
	Url = {http://www.brickset.com/detail/?Set=9842-1}
}




@article{lidarSystemNasa,
	Author = {Farzin Amzajerdian and Diego Pierrottet and Larry Petway and Glenn Hines and Vincent Roback},
	Pages = {7},
	Title = {Lidar Systems for Precision Navigation and Safe Landing on Planetary Bodies},
	Url = {http://ntrs.nasa.gov/archive/nasa/casi.ntrs.nasa.gov/20110012163_2011012604.pdf},
	Url  = {http://ntrs.nasa.gov/search.jsp?R=20110012163},
	Year = {2011}
}


@misc{DAWS, 
	Author = {The SAAB Network},
	Howpublished = {Webpage},
	year = {2007},
	Title = {Saab Driver Attention Warning System},
	Url = {http://www.saabnet.com/tsn/press/071102.html}
}


	
	@misc{moodledml, 
	Author = {Moodle Wiki},
	Howpublished = {Webpage},
	year = {2012},
	Title = {Data Manipulation API},
	Url = {http://docs.moodle.org/dev/Data_manipulation_API}
	}
	
	@misc{moodleformapi, 
	Author = {Moodle Wiki},
	Howpublished = {Webpage},
	year = {2012},
	Title = {Form API},
	Url = {http://docs.moodle.org/dev/Form_API}
	}
	
	
	@misc{moodleoutputapi, 
	Author = {Moodle Wiki},
	Howpublished = {Webpage},
	year = {2012},
	Title = {Output API},
	Url = {http://docs.moodle.org/dev/Output_API}
	}
	
		@misc{moodlepageapi, 
	Author = {Moodle Wiki},
	Howpublished = {Webpage},
	year = {2012},
	Title = {Page API},
	Url = {http://docs.moodle.org/dev/Page_API}
	}
	
		@misc{moodleaccessapi, 
	Author = {Moodle Wiki},
	Howpublished = {Webpage},
	year = {2012},
	Title = {Access API},
	Url = {http://docs.moodle.org/dev/Access_API}
	}

	
	
		@misc{moodleunittestapi, 
	Author = {Moodle Wiki},
	Howpublished = {Webpage},
	year = {2012},
	Title = {Unit test API},
	Url = {http://docs.moodle.org/dev/Unit_test_API}
	}
	
	
	@misc{moodlecoreapis, 
	Author = {Moodle Wiki},
	Howpublished = {Webpage},
	year = {2012},
	Title = {Core APIs},
	Url = {http://docs.moodle.org/dev/Core_APIs}
	}
	
@misc{moodlefilemoodlecontext, 
	Author = {Moodle Wiki},
	Howpublished = {Webpage},
	year = {2012},
	Title = {File:Moodle-contexts-1.8.png},
	Url = {http://docs.moodle.org/dev/File:Moodle-contexts-1.8.png}
}
	
@misc{moodlerolesandmodules, 
	Author = {Moodle Wiki},
	Howpublished = {Webpage},
	year = {2012},
	Title = {Roles and modules},
	Url = {http://docs.moodle.org/dev/Roles_and_modules}
}
	
@misc{moodlecourseformat, 
	Author = {Moodle Wiki},
	Howpublished = {Webpage},
	year = {2012},
	Title = {Course formats},
	Month = {April},
	Note = {Last viewed: 2012-05-09},
	Url = {http://docs.moodle.org/22/en/Course_formats}
}
@misc{moodleextendnavigationblock, 
	Author = {Moodle Forum},
	Howpublished = {Webpage},
	year = {2012},
	Title = {Extending Moodle Navigation Block},
	Month = {March},
	Note = {Last viewed: 2012-05-09},
	Url = {http://moodle.org/mod/forum/discuss.php?d=170325&parent=753095}
}
	
@misc{moodlecoursecategories, 
	Author = {Moodle Wiki},
	Howpublished = {Webpage},
	year = {2012},
	Title = {Course categories},
	Month = {March},
	Note = {Last viewed: 2012-05-09},
	Url = {http://docs.moodle.org/22/en/Course_categories}
}
	
@misc{moodleabout, 
	Author = {Moodle Wiki},
	Howpublished = {Webpage},
	year = {2012},
	Title = {About Moodle},
	Month = {April},
	Note = {Last viewed: 2012-05-09},
	Url = {http://docs.moodle.org/22/en/About_Moodle}
}
	
@misc{moodleerdiagram, 
	Author = {Marcus Green},
	Howpublished = {Webpage},
	year = {2011},
	Title = {Moodle},
	Note = {Last viewed: 2012-05-09},
	Url = {http://www.examulator.com/er/}
}
	
@misc{moodleadmintools, 
	Author = {Moodle Wiki},
	Howpublished = {Webpage},
	year = {2012},
	Title = {Admin tools},
	Month = {January},
	Note = {Last viewed: 2012-05-09},
	Url = {http://docs.moodle.org/dev/Admin_tools}
}

@misc{moodledb, 
	Author = {Moodle Wiki},
	Howpublished = {Webpage},
	year = {2012},
	Title = {Database},
	Month = {April},
	Note = {Last viewed: 2012-05-14},
	Url = {http://docs.moodle.org/dev/Database}
}

@misc{moodledbschema, 
	Author = {Moodle Wiki},
	Howpublished = {Webpage},
	year = {2012},
	Title = {Database schema introduction},
	Month = {May},
	Note = {Last viewed: 2012-05-15},
	Url = {http://docs.moodle.org/dev/Database_schema_introduction}
}

@misc{scrumchecklist, 
	Author = {Boris Gloger},
	Howpublished = {Webpage},
	year = {2011},
	Title = {Your Scrum Checklist},
	Month = {March},
	Note = {Last viewed: 2012-05-17},
	Url = {http://people.cs.aau.dk/~jeremy/SOE2012/resources/Scrum%20CheckList%202011.pdf}
}

@book{Patton05,
	Author ={Ron Patton},
	isbn ={0-672-32798-8},
	year = {2005},
	month = {July},
	publisher = {Sams Publishing},
	title = {Software Testing}
	
}