@book{Larman04,
	Author = {Craig Larman},
	Note = {ISBN: 0-13-111155-8},
	Publisher = {ADDISON WESLEY},
	edition = {first},
	Title = {Agile \& Iterative Development},
	Year = {2004}
}

@misc{subversion,
	url = {http://subversion.apache.org/},
	note = {Last viewed: 6/3-2012}
}

@misc{phpxref,
	url = {http://phpxref.sourceforge.net/},
	note = {Last viewed: 6/3-2012},
	author = {Gareth Watts},
	year = {2010},
	month = {December}
}

@misc{phpdocumentor,
	url = {http://pear.php.net/package/PhpDocumentor/},
	note = {Last viewed: 6/3-2012},
	author = {The PHP Group},
	year = {2012}
}

@misc{Poppendieck00,
	url = {http://www.leanessays.com/2010/11/rational-design-process-its-time-to.html},
	note = {Last viewed: 6/3-2012},
	author = {Mary Poppendieck},
	year = {2000},
	month = {April},
	date = {3}
}

@misc{phpunit,
	url = {http://www.phpunit.de/manual/current/en/goals.html},
	note = {Last viewed: 7/3-2012},
	author = {Sebastian Bergmann},
	year = {2012}
}

@misc{moodletest,
	url = {http://docs.moodle.org/dev/Unit_test_API},
	note = {Last viewed: 7/3-2012}
}

@misc{simpletest,
	url = {http://www.simpletest.org/},
	note = {Last viewed: 7/3-2012}
}